@inproceedings{huang2008similarity,
  title={Similarity measures for text document clustering},
  author={Huang, Anna},
  booktitle={Proceedings of the sixth new zealand computer science research student conference (NZCSRSC2008), Christchurch, New Zealand},
  pages={49--56},
  year={2008}
}

@inbook{leskovec2014mining,
  title={Mining of massive datasets},
  author={Leskovec, Jure and Rajaraman, Anand and Ullman, Jeffrey David},
  year={2014},
  publisher={Cambridge university press},
  pages={78--79}
}

@inproceedings{chong2010using,
  title={Using natural language processing for automatic detection of plagiarism},
  author={Chong, Miranda and Specia, Lucia and Mitkov, Ruslan},
  booktitle={Proceedings of the 4th International Plagiarism Conference (IPC-2010)},
  year={2010}
}